@IEEEtranBSTCTL{BSTcontrol,
    CTLname_url_prefix = "Online:"
}

@electronic{wine,
    title = "Wine{HQ}: Run {W}indows applications on {L}inux, {BSD}, {S}olaris and {macOS}",
    url = "https://www.winehq.org/"
}
@electronic{darling,
    title = "Darling | {macOS} translation layer for {L}inux",
    url = "https://darlinghq.org/"
}
@electronic{uwp,
    title = "What's a {U}niversal {W}indows {P}latform ({UWP}) app? --- {UWP} app developer | {M}icrosoft {D}ocs",
    url = "https://docs.microsoft.com/en-us/windows/uwp/get-started/universal-application-platform-guide"
}
@electronic{cppwinrt,
    title = "{\Cpp}/{W}in{RT} --- {UWP} app developer | {M}icrosoft {D}ocs",
    url = "https://docs.microsoft.com/en-us/windows/uwp/cpp-and-winrt-apis/"
}
